@article{lorenzen2024oxidizing,
  title={Oxidizing {OCaml} with modal memory management},
  author={Lorenzen, Anton and White, Leo and Dolan, Stephen and Eisenberg, Richard A and Lindley, Sam},
  journal={Proceedings of the ACM on Programming Languages},
  volume={8},
  number={ICFP},
  pages={485--514},
  year={2024},
  publisher={ACM New York, NY, USA}
}
@article{hyland2006combining,
  title={Combining effects: Sum and tensor},
  author={Hyland, Martin and Plotkin, Gordon and Power, John},
  journal={Theoretical computer science},
  volume={357},
  number={1-3},
  pages={70--99},
  year={2006},
  publisher={Elsevier}
}
@inproceedings{sivaramakrishnan2021retrofitting,
  author       = {K. C. Sivaramakrishnan and
                  Stephen Dolan and
                  Leo White and
                  Tom Kelly and
                  Sadiq Jaffer and
                  Anil Madhavapeddy},
  editor       = {Stephen N. Freund and
                  Eran Yahav},
  title        = {Retrofitting effect handlers onto OCaml},
  booktitle    = {{PLDI} '21: 42nd {ACM} {SIGPLAN} International Conference on Programming
                  Language Design and Implementation, Virtual Event, Canada, June 20-25,
                  2021},
  pages        = {206--221},
  publisher    = {{ACM}},
  year         = {2021},
  url          = {https://doi.org/10.1145/3453483.3454039},
  doi          = {10.1145/3453483.3454039},
  timestamp    = {Mon, 03 Mar 2025 21:20:02 +0100},
  biburl       = {https://dblp.org/rec/conf/pldi/Sivaramakrishnan21.bib},
  bibsource    = {dblp computer science bibliography, https://dblp.org}
}